@Article{R,
   Author="Kotera, M.  and Hirakawa, M.  and Tokimatsu, T.  and Goto, S.  and Kanehisa, M. ",
   Title="{{T}he {K}{E}{G}{G} databases and tools facilitating omics analysis: latest developments involving human diseases and pharmaceuticals}",
   Journal="Methods Mol. Biol.",
   Year="2012",
   Volume="802",
   Pages="19--39"
}

@article{watsonycrick,
    abstract = {{Not Available}},
    author = {Watson, J. D. and Crick, F. H. C.},
    citeulike-article-id = {2873737},
    citeulike-linkout-0 = {http://dx.doi.org/10.1038/171737a0},
    citeulike-linkout-1 = {http://adsabs.harvard.edu/cgi-bin/nph-bib\_query?bibcode=1953Natur.171..737W},
    citeulike-linkout-2 = {http://dx.doi.org/10.1038/171737a0},
    day = {25},
    doi = {10.1038/171737a0},
    issn = {0028-0836},
    journal = {Nature},
    keywords = {acids, nucleic, x-ray},
    month = apr,
    number = {4356},
    pages = {737--738},
    posted-at = {2008-07-22 16:07:36},
    priority = {2},
    publisher = {Nature Publishing Group},
    title = {{Molecular Structure of Nucleic Acids: A Structure for Deoxyribose Nucleic Acid}}, 
    url = {http://dx.doi.org/10.1038/171737a0},
    volume = {171},
    year = {1953}
}


@article{Sanger1977,
  added-at = {2011-01-17T12:52:32.000+0100},
  address = {{2101 CONSTITUTION AVE NW, WASHINGTON, DC 20418}},
  affiliation = {{SANGER, F (Reprint Author), MRC,MOLEC BIOL LAB,CAMBRIDGE CB2 2QH,ENGLAND.}},
  author = {Sanger, F and Nicklen, S and Coulson, AR},
  biburl = {http://www.bibsonomy.org/bibtex/2ab36452060094ff1224b48bc2101e264/hkayabilisim},
  doc-delivery-number = {{EH421}},
  interhash = {b917ab80494bbc785a61e89ec1201a48},
  intrahash = {ab36452060094ff1224b48bc2101e264},
  issn = {{0027-8424}},
  journal = {{ Proceedings of The National Academy of Sciences of The United States Of America}},
  journal-iso = {{Proc. Natl. Acad. Sci. U. S. A.}},
  keywords = {jabref:noKeywordAssigned},
  language = {{English}},
  number = {{12}},
  number-of-cited-references = {{14}},
  pages = {{5463-5467}},
  publisher = {{NATL ACAD SCIENCES}},
  subject-category = {{Multidisciplinary Sciences}},
  times-cited = {{63970}},
  timestamp = {2011-01-17T12:52:32.000+0100},
  title = {{DNA} sequencing with chain-terminating inhibitors},
  type = {{Article}},
  unique-id = {{ISI:A1977EH42100059}},
  volume = {{74}},
  year = {{1977}}
}


@Misc{GRC,
title = {Genome Reference Consortium},
howpublished={\url{http://www.ncbi.nlm.nih.gov/projects/genome/assembly/grc/human/}}
}

@Article{sift,
   Author="Kumar, P.  and Henikoff, S.  and Ng, P. C. ",
   Title="{{P}redicting the effects of coding non-synonymous variants on protein function using the {S}{I}{F}{T} algorithm}",
   Journal="Nat Protoc",
   Year="2009",
   Volume="4",
   Number="7",
   Pages="1073--1081"
}

@Article{polyphen,
   Author="Adzhubei, I. A.  and Schmidt, S.  and Peshkin, L.  and Ramensky, V. E.  and Gerasimova, A.  and Bork, P.  and Kondrashov, A. S.  and Sunyaev, S. R. ",
   Title="{{A} method and server for predicting damaging missense mutations}",
   Journal="Nat. Methods",
   Year="2010",
   Volume="7",
   Number="4",
   Pages="248--249",
   Month="Apr"
}

@Article{dbsnp,
   Author="Sherry, S. T.  and Ward, M. H.  and Kholodov, M.  and Baker, J.  and Phan, L.  and Smigielski, E. M.  and Sirotkin, K. ",
   Title="{db{S}{N}{P}: the {N}{C}{B}{I} database of genetic variation}",
   Journal="Nucleic Acids Res.",
   Year="2001",
   Volume="29",
   Number="1",
   Pages="308--311",
   Month="Jan"
}

@Article{1000genomes,
   Author="Altshuler, D.  and Durbin, R. M.  and Abecasis, G. R.  and Bentley, D. R.  and Chakravarti, A.  and Clark, A. G.  and Collins, F. S.  and De La Vega, F. M.  and Donnelly, P.  and Egholm, M.  and Flicek, P.  and Gabriel, S. B.  and Gibbs, R. A.  and Knoppers, B. M.  and Lander, E. S.  and Lehrach, H.  and Mardis, E. R.  and McVean, G. A.  and Nickerson, D. A.  and Peltonen, L.  and Schafer, A. J.  and Sherry, S. T.  and Wang, J.  and Wilson, R.  and Gibbs, R. A.  and Deiros, D.  and Metzker, M.  and Muzny, D.  and Reid, J.  and Wheeler, D.  and Wang, J.  and Li, J.  and Jian, M.  and Li, G.  and Li, R.  and Liang, H.  and Tian, G.  and Wang, B.  and Wang, J.  and Wang, W.  and Yang, H.  and Zhang, X.  and Zheng, H.  and Lander, E. S.  and Altshuler, D. L.  and Ambrogio, L.  and Bloom, T.  and Cibulskis, K.  and Fennell, T. J.  and Gabriel, S. B.  and Jaffe, D. B.  and Shefler, E.  and Sougnez, C. L.  and Bentley, D. R.  and Gormley, N.  and Humphray, S.  and Kingsbury, Z.  and Kokko-Gonzales, P.  and Stone, J.  and McKernan, K. J.  and Costa, G. L.  and Ichikawa, J. K.  and Lee, C. C.  and Sudbrak, R.  and Lehrach, H.  and Borodina, T. A.  and Dahl, A.  and Davydov, A. N.  and Marquardt, P.  and Mertes, F.  and Nietfeld, W.  and Rosenstiel, P.  and Schreiber, S.  and Soldatov, A. V.  and Timmermann, B.  and Tolzmann, M.  and Egholm, M.  and Affourtit, J.  and Ashworth, D.  and Attiya, S.  and Bachorski, M.  and Buglione, E.  and Burke, A.  and Caprio, A.  and Celone, C.  and Clark, S.  and Conners, D.  and Desany, B.  and Gu, L.  and Guccione, L.  and Kao, K.  and Kebbler, J.  and Knowlton, J.  and Labrecque, M.  and McDade, L.  and Mealmaker, C.  and Minderman, M.  and Nawrocki, A.  and Niazi, F.  and Pareja, K.  and Ramenani, R.  and Riches, D.  and Song, W.  and Turcotte, C.  and Wang, S.  and Mardis, E. R.  and Wilson, R. K.  and Dooling, D.  and Fulton, L.  and Fulton, R.  and Weinstock, G.  and Durbin, R. M.  and Burton, J.  and Carter, D. M.  and Churcher, C.  and Coffey, A.  and Cox, A.  and Palotie, A.  and Quail, M.  and Skelly, T.  and Stalker, J.  and Swerdlow, H. P.  and Turner, D.  and De Witte, A.  and Giles, S.  and Gibbs, R. A.  and Wheeler, D.  and Bainbridge, M.  and Challis, D.  and Sabo, A.  and Yu, F.  and Yu, J.  and Wang, J.  and Fang, X.  and Guo, X.  and Li, R.  and Li, Y.  and Luo, R.  and Tai, S.  and Wu, H.  and Zheng, H.  and Zheng, X.  and Zhou, Y.  and Li, G.  and Wang, J.  and Yang, H.  and Marth, G. T.  and Garrison, E. P.  and Huang, W.  and Indap, A.  and Kural, D.  and Lee, W. P.  and Leong, W. F.  and Quinlan, A. R.  and Stewart, C.  and Stromberg, M. P.  and Ward, A. N.  and Wu, J.  and Lee, C.  and Mills, R. E.  and Shi, X.  and Daly, M. J.  and DePristo, M. A.  and Altshuler, D. L.  and Ball, A. D.  and Banks, E.  and Bloom, T.  and Browning, B. L.  and Cibulskis, K.  and Fennell, T. J.  and Garimella, K. V.  and Grossman, S. R.  and Handsaker, R. E.  and Hanna, M.  and Hartl, C.  and Jaffe, D. B.  and Kernytsky, A. M.  and Korn, J. M.  and Li, H.  and Maguire, J. R.  and McCarroll, S. A.  and McKenna, A.  and Nemesh, J. C.  and Philippakis, A. A.  and Poplin, R. E.  and Price, A.  and Rivas, M. A.  and Sabeti, P. C.  and Schaffner, S. F.  and Shefler, E.  and Shlyakhter, I. A.  and Cooper, D. N.  and Ball, E. V.  and Mort, M.  and Phillips, A. D.  and Stenson, P. D.  and Sebat, J.  and Makarov, V.  and Ye, K.  and Yoon, S. C.  and Bustamante, C. D.  and Clark, A. G.  and Boyko, A.  and Degenhardt, J.  and Gravel, S.  and Gutenkunst, R. N.  and Kaganovich, M.  and Keinan, A.  and Lacroute, P.  and Ma, X.  and Reynolds, A.  and Clarke, L.  and Flicek, P.  and Cunningham, F.  and Herrero, J.  and Keenen, S.  and Kulesha, E.  and Leinonen, R.  and McLaren, W. M.  and Radhakrishnan, R.  and Smith, R. E.  and Zalunin, V.  and Zheng-Bradley, X.  and Korbel, J. O.  and Stutz, A. M.  and Humphray, S.  and Bauer, M.  and Cheetham, R. K.  and Cox, T.  and Eberle, M.  and James, T.  and Kahn, S.  and Murray, L.  and Chakravarti, A.  and Ye, K.  and De La Vega, F. M.  and Fu, Y.  and Hyland, F. C.  and Manning, J. M.  and McLaughlin, S. F.  and Peckham, H. E.  and Sakarya, O.  and Sun, Y. A.  and Tsung, E. F.  and Batzer, M. A.  and Konkel, M. K.  and Walker, J. A.  and Sudbrak, R.  and Albrecht, M. W.  and Amstislavskiy, V. S.  and Herwig, R.  and Parkhomchuk, D. V.  and Sherry, S. T.  and Agarwala, R.  and Khouri, H. M.  and Morgulis, A. O.  and Paschall, J. E.  and Phan, L. D.  and Rotmistrovsky, K. E.  and Sanders, R. D.  and Shumway, M. F.  and Xiao, C.  and McVean, G. A.  and Auton, A.  and Iqbal, Z.  and Lunter, G.  and Marchini, J. L.  and Moutsianas, L.  and Myers, S.  and Tumian, A.  and Desany, B.  and Knight, J.  and Winer, R.  and Craig, D. W.  and Beckstrom-Sternberg, S. M.  and Christoforides, A.  and Kurdoglu, A. A.  and Pearson, J. V.  and Sinari, S. A.  and Tembe, W. D.  and Haussler, D.  and Hinrichs, A. S.  and Katzman, S. J.  and Kern, A.  and Kuhn, R. M.  and Przeworski, M.  and Hernandez, R. D.  and Howie, B.  and Kelley, J. L.  and Melton, S. C.  and Abecasis, G. R.  and Li, Y.  and Anderson, P.  and Blackwell, T.  and Chen, W.  and Cookson, W. O.  and Ding, J.  and Kang, H. M.  and Lathrop, M.  and Liang, L.  and Moffatt, M. F.  and Scheet, P.  and Sidore, C.  and Snyder, M.  and Zhan, X.  and Zollner, S.  and Awadalla, P.  and Casals, F.  and Idaghdour, Y.  and Keebler, J.  and Stone, E. A.  and Zilversmit, M.  and Jorde, L.  and Xing, J.  and Eichler, E. E.  and Aksay, G.  and Alkan, C.  and Hajirasouliha, I.  and Hormozdiari, F.  and Kidd, J. M.  and Sahinalp, S. C.  and Sudmant, P. H.  and Mardis, E. R.  and Chen, K.  and Chinwalla, A.  and Ding, L.  and Koboldt, D. C.  and McLellan, M. D.  and Dooling, D.  and Weinstock, G.  and Wallis, J. W.  and Wendl, M. C.  and Zhang, Q.  and Durbin, R. M.  and Albers, C. A.  and Ayub, Q.  and Balasubramaniam, S.  and Barrett, J. C.  and Carter, D. M.  and Chen, Y.  and Conrad, D. F.  and Danecek, P.  and Dermitzakis, E. T.  and Hu, M.  and Huang, N.  and Hurles, M. E.  and Jin, H.  and Jostins, L.  and Keane, T. M.  and Le, S. Q.  and Lindsay, S.  and Long, Q.  and MacArthur, D. G.  and Montgomery, S. B.  and Parts, L.  and Stalker, J.  and Tyler-Smith, C.  and Walter, K.  and Zhang, Y.  and Gerstein, M. B.  and Snyder, M.  and Abyzov, A.  and Balasubramanian, S.  and Bjornson, R.  and Du, J.  and Grubert, F.  and Habegger, L.  and Haraksingh, R.  and Jee, J.  and Khurana, E.  and Lam, H. Y.  and Leng, J.  and Mu, X. J.  and Urban, A. E.  and Zhang, Z.  and Li, Y.  and Luo, R.  and Marth, G. T.  and Garrison, E. P.  and Kural, D.  and Quinlan, A. R.  and Stewart, C.  and Stromberg, M. P.  and Ward, A. N.  and Wu, J.  and Lee, C.  and Mills, R. E.  and Shi, X.  and McCarroll, S. A.  and Banks, E.  and DePristo, M. A.  and Handsaker, R. E.  and Hartl, C.  and Korn, J. M.  and Li, H.  and Nemesh, J. C.  and Sebat, J.  and Makarov, V.  and Ye, K.  and Yoon, S. C.  and Degenhardt, J.  and Kaganovich, M.  and Clarke, L.  and Smith, R. E.  and Zheng-Bradley, X.  and Korbel, J. O.  and Humphray, S.  and Cheetham, R. K.  and Eberle, M.  and Kahn, S.  and Murray, L.  and Ye, K.  and De La Vega, F. M.  and Fu, Y.  and Peckham, H. E.  and Sun, Y. A.  and Batzer, M. A.  and Konkel, M. K.  and Walker, J. A.  and Xiao, C.  and Iqbal, Z.  and Desany, B.  and Blackwell, T.  and Snyder, M.  and Xing, J.  and Eichler, E. E.  and Aksay, G.  and Alkan, C.  and Hajirasouliha, I.  and Hormozdiari, F.  and Kidd, J. M.  and Chen, K.  and Chinwalla, A.  and Ding, L.  and McLellan, M. D.  and Wallis, J. W.  and Hurles, M. E.  and Conrad, D. F.  and Walter, K.  and Zhang, Y.  and Gerstein, M. B.  and Snyder, M.  and Abyzov, A.  and Du, J.  and Grubert, F.  and Haraksingh, R.  and Jee, J.  and Khurana, E.  and Lam, H. Y.  and Leng, J.  and Mu, X. J.  and Urban, A. E.  and Zhang, Z.  and Gibbs, R. A.  and Bainbridge, M.  and Challis, D.  and Coafra, C.  and Dinh, H.  and Kovar, C.  and Lee, S.  and Muzny, D.  and Nazareth, L.  and Reid, J.  and Sabo, A.  and Yu, F.  and Yu, J.  and Marth, G. T.  and Garrison, E. P.  and Indap, A.  and Leong, W. F.  and Quinlan, A. R.  and Stewart, C.  and Ward, A. N.  and Wu, J.  and Cibulskis, K.  and Fennell, T. J.  and Gabriel, S. B.  and Garimella, K. V.  and Hartl, C.  and Shefler, E.  and Sougnez, C. L.  and Wilkinson, J.  and Clark, A. G.  and Gravel, S.  and Grubert, F.  and Clarke, L.  and Flicek, P.  and Smith, R. E.  and Zheng-Bradley, X.  and Sherry, S. T.  and Khouri, H. M.  and Paschall, J. E.  and Shumway, M. F.  and Xiao, C.  and McVean, G. A.  and Katzman, S. J.  and Abecasis, G. R.  and Mardis, E. R.  and Dooling, D.  and Fulton, L.  and Fulton, R.  and Koboldt, D. C.  and Durbin, R. M.  and Balasubramaniam, S.  and Coffey, A.  and Keane, T. M.  and MacArthur, D. G.  and Palotie, A.  and Scott, C.  and Stalker, J.  and Tyler-Smith, C.  and Gerstein, M. B.  and Balasubramanian, S.  and Chakravarti, A.  and Knoppers, B. M.  and Abecasis, G. R.  and Bustamante, C. D.  and Gharani, N.  and Gibbs, R. A.  and Jorde, L.  and Kaye, J. S.  and Kent, A.  and Li, T.  and McGuire, A. L.  and McVean, G. A.  and Ossorio, P. N.  and Rotimi, C. N.  and Su, Y.  and Toji, L. H.  and Tyler-Smith, C.  and Brooks, L. D.  and Felsenfeld, A. L.  and McEwen, J. E.  and Abdallah, A.  and Juenger, C. R.  and Clemm, N. C.  and Collins, F. S.  and Duncanson, A.  and Green, E. D.  and Guyer, M. S.  and Peterson, J. L.  and Schafer, A. J.  and Xue, Y.  and Cartwright, R. A. ",
   Title="{{A} map of human genome variation from population-scale sequencing}",
   Journal="Nature",
   Year="2010",
   Volume="467",
   Number="7319",
   Pages="1061--1073",
   Month="Oct"
}

@Article{go,
   Author="Ashburner, M.  and Ball, C. A.  and Blake, J. A.  and Botstein, D.  and Butler, H.  and Cherry, J. M.  and Davis, A. P.  and Dolinski, K.  and Dwight, S. S.  and Eppig, J. T.  and Harris, M. A.  and Hill, D. P.  and Issel-Tarver, L.  and Kasarskis, A.  and Lewis, S.  and Matese, J. C.  and Richardson, J. E.  and Ringwald, M.  and Rubin, G. M.  and Sherlock, G. ",
   Title="{{G}ene ontology: tool for the unification of biology. {T}he {G}ene {O}ntology {C}onsortium}",
   Journal="Nat. Genet.",
   Year="2000",
   Volume="25",
   Number="1",
   Pages="25--29",
   Month="May"
}

@Article{kegg,
   Author="Kotera, M.  and Hirakawa, M.  and Tokimatsu, T.  and Goto, S.  and Kanehisa, M. ",
   Title="{{T}he {K}{E}{G}{G} databases and tools facilitating omics analysis: latest developments involving human diseases and pharmaceuticals}",
   Journal="Methods Mol. Biol.",
   Year="2012",
   Volume="802",
   Pages="19--39"
}

@Misc{latex-project,
title = {LaTeX – A document preparation system},
howpublished={\url{http://www.latex-project.org/}}
}

@Book{latex-book,
author = {Mittelbach, Frank; Goosens, Michel },
title = {The LaTeX Companion (2nd ed.)},
publisher = {Addison-Wesley},
year = {2004}
}

@Misc{texmaker,
title = {Texmaker},
howpublished={\url{http://www.xm1math.net/texmaker/},
author = {Copyright 2003/2012 Pascal Brachet}
}

